@ARTICLE{MAIN,
    AUTHOR="Fazeelat Mazhar and Muhammad Gufran Khan and Benny Sällberg",
    TITLE="Precise Indoor Positioning Using {UWB}: A Review of Methods, Algorithms and Implementations",
    JOURNAL="Wireless Personal Communications",
    volume = "97",
    pages = "4467-4491",
    YEAR="2017",
}

@ARTICLE{COMP,
    AUTHOR="Germán Martín Mendoza-Silva and Joaquín Torres-Sospedra and Joaquín Huerta",
    TITLE="A Meta-Review of Indoor Positioning Systems",
    JOURNAL="Sensors",
    volume = "19",
    pages = "4507",
    YEAR="2019",
}

@ARTICLE{soganzi,
    AUTHOR="Hamza Soganci and Sinan Gezici and H. Vincent Poor ",
    TITLE="Accurate positioning in ultra-wideband systems",
    JOURNAL="IEEE Wireless Communications",
    volume = "18",
    YEAR="2011",
}

@ARTICLE{jimenez,
    AUTHOR="Antonio Ramón Jiménez Ruiz and Fernando Seco Granja",
    journal={IEEE Transactions on Instrumentation and Measurement}, 
    title="{Comparing Ubisense, BeSpoon, and DecaWave UWB Location Systems: Indoor Performance Analysis}",
    year={2017},
    volume={66},
    number={8},
    pages={2106-2117}
}

@ARTICLE{shim2018,
  author="Jae-Nam Shim and Hongseok Park and Chan-Byoung Chae and Dong Ku Kim and Yonina C. Eldar ",
  journal={IEEE Antennas and Wireless Propagation Letters},
  title="{Cramér–Rao Lower Bound on AoA Estimation Using an RF Lens-Embedded Antenna Array}",
  year={2018},
  volume={17},
  number={12},
  pages={2359-2363},}


@INPROCEEDINGS{kulmer,
  author={J. {Kulmer} and S. {Hinteregger} and B. {Großwindhager} and M. {Rath} and M. S. {Bakr} and E. {Leitinger} and K. {Witrisal}},
  booktitle="{2017 IEEE International Conference on Communications Workshops (ICC Workshops)}", 
  title="{Using DecaWave UWB transceivers for high-accuracy multipath-assisted indoor positioning}", 
  year={2017},
  pages={1239-1245}
}


@conference{Simedroni,
    AUTHOR="Raluca Simedroni and Emanuel Puschita and Tudor Palade and Paul Dolea and Cristian Codau and Rares Buta and Andra Pastrav",
    booktitle={2020 International Workshop on Antenna Technology (iWAT)},
    title={Indoor Positioning using {Decawave MDEK1001}},
    year={2020},
    pages={1-4},
}

@manual{UWB_regs,
	title = "{UWB Regulations: A Summary of Worldwide Telecommunications Regulations governing the use of Ultra-Wideband radio}",
	organization = "Decawave Ltd",
	edition	= "1.2",
	year = "2015"
}

@manual{ang,
	title = "DWM1001 Datasheet",
	organization = "Decawave Ltd",
	edition	= "1.4",
	year = "2017"
}

@manual{Decawave,
	title = "DWM1001 System Overview",
	organization = "Decawave Ltd",
	edition	= "1.0",
	year = "2017"
}

@book{Xbook,
    author    = "Steven M Kay",
    title     = "Fundamentals of Statistical Signal Processing: Estimation theory",
    publisher = "Prentice-Hall",
    year      = "1993",
}

@book{Zafer,
    author    = "Zafer Şahinoğlu and Sinan Gezici and Ismail Güvenç",
    title     = "Ultra-wideband Positioning Systems",
    publisher = "Cambridge University Press",
    year      = "2008",
}

@book{Du,
    author    = "Ke-Lin Du and M. N. S. Swamy",
    title     = "Wireless Communication Systems",
    publisher = "Cambridge University Press",
    year      = "2010",
}

@book{design,
    author    = "Cam Nguyen and Meng Miao",
    title     = "Design of CMOS RFIC Ultra-Wideband Impulse Transmitters and Receivers",
    publisher = "SpringerBriefs in Electrical and Computer Engineering",
    year      = "2017",
}

@mastersthesis{MSTesis,
    author    = "Marc Krumbein",
    title     = "Heading estimation of a mobile robot using multiple {UWB} position sensors",
    school    = "Case Western Reserve University",
    year      = "2019",
}